<record><leader>00000cas a22000007a 4500</leader><controlfield tag="001">12046948</controlfield><controlfield tag="008">850517d1871187umiuwr ne      0    0eng d</controlfield><datafield ind1=" " ind2=" " tag="010"><subfield code="a">sn 85033558 </subfield></datafield><datafield ind1=" " ind2=" " tag="040"><subfield code="a">NPU</subfield><subfield code="b">eng</subfield><subfield code="c">NPU</subfield><subfield code="d">NPX</subfield><subfield code="d">OCLCQ</subfield></datafield><datafield ind1=" " ind2=" " tag="042"><subfield code="a">msc</subfield></datafield><datafield ind1="0" ind2="0" tag="245"><subfield code="a">Bay City chronicle and journal.</subfield></datafield><datafield ind1="1" ind2="7" tag="246"><subfield code="a">Chronicle and journal</subfield></datafield><datafield ind1=" " ind2=" " tag="260"><subfield code="a">Bay City, Mich. :</subfield><subfield code="b">James Birney</subfield></datafield><datafield ind1=" " ind2=" " tag="300"><subfield code="a">v. ;</subfield><subfield code="c">68 cm.</subfield></datafield><datafield ind1=" " ind2=" " tag="310"><subfield code="a">Weekly</subfield></datafield><datafield ind1="1" ind2=" " tag="362"><subfield code="a">Began in 1873.</subfield><subfield code="z">Cf. Hist. of the press of Mich., 1876.</subfield></datafield><datafield ind1=" " ind2=" " tag="580"><subfield code="a">Formed by the union of: Bay City chronicle (Bay City, Mich. : 1871), and: Bay City journal. Cf. Hist. of the press of Mich., 1876.</subfield></datafield><datafield ind1=" " ind2=" " tag="588"><subfield code="a">Description based on: Vol. 3, no. 12 (May 3, 1873).</subfield></datafield><datafield ind1=" " ind2=" " tag="752"><subfield code="a">United States</subfield><subfield code="b">Michigan</subfield><subfield code="c">Bay</subfield><subfield code="d">Bay City.</subfield></datafield><datafield ind1="1" ind2="4" tag="780"><subfield code="t">Bay City chronicle (Bay City, Mich. : 1871)</subfield></datafield><datafield ind1="1" ind2="4" tag="780"><subfield code="t">Bay City journal</subfield></datafield><datafield ind1="0" ind2="0" tag="785"><subfield code="t">Bay City chronicle (Bay City, Mich.)</subfield><subfield code="w">(DLC)sn 85026423</subfield></datafield><datafield ind1="1" ind2=" " tag="029"><subfield code="a">AU@</subfield><subfield code="b">000025837278</subfield></datafield></record>